<?xml version="1.0" encoding="UTF-8"?><collection xmlns="http://www.loc.gov/MARC21/slim"><record><leader>00376nam--2200121-i-4500</leader><controlfield tag="001">000018602</controlfield><controlfield tag="002">20161230</controlfield><controlfield tag="005">20161230201032</controlfield><controlfield tag="008">060222s1000------------r-----000-0-eng-d</controlfield><datafield ind1=" " ind2=" " tag="100"><subfield code="a">Enke,C.G., Malmstadt, H.V</subfield></datafield><datafield ind1=" " ind2=" " tag="245"><subfield code="a">Electronics for scientists. principles and experiments for those who use instruments</subfield></datafield><datafield ind1=" " ind2=" " tag="260"><subfield code="a">New York, W.A.Benjamin, Inc,. 1963. Xi + 619p</subfield></datafield><datafield ind1=" " ind2=" " tag="852"><subfield code="a">19045</subfield></datafield></record></collection>